<record><leader>00000cas a2200000 a 4500</leader><controlfield tag="001">44168756</controlfield><controlfield tag="007">hd afv---baca</controlfield><controlfield tag="007">hd bfv---baaa</controlfield><controlfield tag="007">hd bfv---baba</controlfield><controlfield tag="008">000602d18601930ohuwr nea     0    0ger c</controlfield><datafield ind1=" " ind2=" " tag="010"><subfield code="a">   00221495 </subfield></datafield><datafield ind1=" " ind2=" " tag="040"><subfield code="a">ATL</subfield><subfield code="b">eng</subfield><subfield code="c">ATL</subfield><subfield code="d">OCLCQ</subfield><subfield code="d">OCLCF</subfield><subfield code="d">OCLCO</subfield></datafield><datafield ind1="1" ind2=" " tag="029"><subfield code="a">AU@</subfield><subfield code="b">000021575477</subfield></datafield><datafield ind1=" " ind2=" " tag="042"><subfield code="a">pcc</subfield></datafield><datafield ind1="1" ind2="4" tag="050"><subfield code="a">BX8001</subfield></datafield><datafield ind1="0" ind2=" " tag="130"><subfield code="a">Lutherische Kirchen Zeitung (Columbus, Ohio)</subfield></datafield><datafield ind1="1" ind2="0" tag="245"><subfield code="a">Lutherische Kirchen Zeitung</subfield><subfield code="h">[microform].</subfield></datafield><datafield ind1="1" ind2="6" tag="246"><subfield code="a">Lutherische Kirchenzeitung</subfield><subfield code="f">1870-1882, 1893-1930</subfield></datafield><datafield ind1=" " ind2=" " tag="260"><subfield code="a">Columbus, Ohio :</subfield><subfield code="b">[Evangelisch-lutherische Synode von Ohio und anderen Staatan],</subfield><subfield code="c">1860-1930.</subfield></datafield><datafield ind1=" " ind2=" " tag="300"><subfield code="a">71 v.</subfield></datafield><datafield ind1=" " ind2=" " tag="310"><subfield code="a">Weekly,</subfield><subfield code="b">Jan. 1891-1930</subfield></datafield><datafield ind1=" " ind2=" " tag="321"><subfield code="a">Semimonthly,</subfield><subfield code="b">Jan. 1860-Dec. 1890</subfield></datafield><datafield ind1="0" ind2=" " tag="362"><subfield code="a">Jahrg. 1, no. 1 (1. Jan. 1860)-Jahrg. 71, No. 52 (27. Dez. 1930).</subfield></datafield><datafield ind1=" " ind2=" " tag="500"><subfield code="a">Title from caption.</subfield></datafield><datafield ind1=" " ind2=" " tag="500"><subfield code="a">Editors: Jan. 1860-Dec. 1880, W.F. Lehmann.--Jan.-May 1881, C.A. Frank.--June 1881-Dec. 1890, F.W. Stellhorn.--Jan. 1891-May 1892, C.H. Rohe.--June 1892-Dec. 1898, F.W. Stellhorn.--Jan. 1899-Sept. 1904, C.A. Bo&#776;hme.--Oct. 1904- R.C.H. Lenski.</subfield></datafield><datafield ind1=" " ind2=" " tag="515"><subfield code="a">Vols. 1-4 paged continuously.</subfield></datafield><datafield ind1=" " ind2=" " tag="515"><subfield code="a">Issues from 1861-1930 called also ganze Nr. 25-ganze Nr. 2824.</subfield></datafield><datafield ind1=" " ind2=" " tag="550"><subfield code="a">Organ of: Allgemeine Evangelisch-lutherischen Synode von Ohio und anderen Staaten.</subfield></datafield><datafield ind1=" " ind2=" " tag="555"><subfield code="a">Vols. 1-22, 24-31 are issued with collective t.p. and index for every two volumes.</subfield></datafield><datafield ind1=" " ind2=" " tag="580"><subfield code="a">Merged with: Kirchen-blatt der Evangelischen Lutherischen Synode von Iowa u.a. St., and: Lutherische Schul-Zeitung; to form: Kirchenblatt (Columbus, Ohio).</subfield></datafield><datafield ind1=" " ind2=" " tag="533"><subfield code="a">Microfilm.</subfield><subfield code="m">v.1-71 (1860-1930)</subfield><subfield code="b">Evanston, Ill. :</subfield><subfield code="c">American Theological Library Association,</subfield><subfield code="d">1969.</subfield><subfield code="e">40 microfilm reels ; 35 mm.</subfield><subfield code="f">(ATLA serials preservation program ; ATLA film S0153).</subfield></datafield><datafield ind1=" " ind2="0" tag="650"><subfield code="a">Lutheran Church</subfield><subfield code="v">Newspapers.</subfield></datafield><datafield ind1=" " ind2="7" tag="655"><subfield code="a">Newspapers.</subfield><subfield code="2">fast</subfield><subfield code="0">(OCoLC)fst01423814</subfield></datafield><datafield ind1=" " ind2="7" tag="650"><subfield code="a">Lutheran Church.</subfield><subfield code="2">fast</subfield><subfield code="0">(OCoLC)fst01003996</subfield></datafield><datafield ind1="2" ind2=" " tag="710"><subfield code="a">Evangelical Lutheran Joint Synod of Ohio and Other States.</subfield></datafield><datafield ind1=" " ind2=" " tag="752"><subfield code="a">United States</subfield><subfield code="b">Ohio</subfield><subfield code="c">Franklin</subfield><subfield code="d">Columbus.</subfield></datafield><datafield ind1="1" ind2=" " tag="776"><subfield code="c">Original</subfield><subfield code="w">(DLC)   00221494</subfield><subfield code="w">(OCoLC)1773956</subfield></datafield><datafield ind1="1" ind2="7" tag="785"><subfield code="t">Kirchen-blatt der Evangelischen Lutherischen Synode von Iowa u.a. St.</subfield><subfield code="w">(DLC)   00221483</subfield><subfield code="w">(OCoLC)7819853</subfield></datafield><datafield ind1="1" ind2="7" tag="785"><subfield code="t">Lutherische Schul-Zeitung</subfield></datafield><datafield ind1="1" ind2="7" tag="785"><subfield code="t">Kirchenblatt (Columbus, Ohio)</subfield><subfield code="w">(DLC)   00221485</subfield><subfield code="w">(OCoLC)7819698</subfield></datafield><datafield ind1=" " ind2="0" tag="830"><subfield code="a">ATLA serials preservation program ;</subfield><subfield code="v">ATLA film S0153.</subfield></datafield></record>